@inproceedings{BaskayaKJ10,
  author    = {Feza Baskaya and
               Jaana Kek{\"a}l{\"a}inen and
               Kalervo J{\"a}rvelin},
  title     = {A tool for ontology-editing and ontology-based information
               exploration},
  booktitle = {Proc.\ of ESAIR 2010},
  year      = {2010},
  pages     = {29-30},
  publisher = {ACM},
}

@inproceedings{HaunNKTB10,
  author    = {Stefan Haun and
               Andreas N{\"u}rnberger and
               Tobias K{\"o}tter and
               Kilian Thiel and
               Michael R. Berthold},
  title     = {{CET}: A Tool for Creative Exploration of Graphs},
  booktitle = {Proc.\ of ECML/PKDD (3) 2010},
  year      = {2010},
  pages     = {587-590},
  publisher = {Springer},
  series    = {LNCS},
  volume    = {6323},
}

@article{FriedIAKL13,
  author    = {Jake Y. Fried and
               Martijn P. van Iersel and
               Mirit I. Aladjem and
               Kurt W. Kohn and
               Augustin Luna},
  title     = {PathVisio-Faceted Search: an exploration tool for multi-dimensional
               navigation of large pathways},
  journal   = {Bioinformatics},
  volume    = {29},
  number    = {11},
  year      = {2013},
  pages     = {1465-1466},
  ee        = {http://dx.doi.org/10.1093/bioinformatics/btt146},
  bibsource = {DBLP, http://dblp.uni-trier.de}
}

@inproceedings{DumasBHS12,
  author    = {Bruno Dumas and
               Tim Broch{\'e} and
               Lode Hoste and
               Beat Signer},
  title     = {{ViDaX}: an interactive semantic data visualisation and exploration
               tool},
  booktitle = {Proc.\ of AVI 2012},
  year      = {2012},
  pages     = {757-760},
  publisher = {ACM},
}

@inproceedings{HoraADBCVM12,
  author    = {Andre Hora and
               Nicolas Anquetil and
               St{\'e}phane Ducasse and
               Muhammad Usman Bhatti and
               Cesar Couto and
               Marco Tulio Valente and
               Julio Martins},
  title     = {{Bug Maps}: A Tool for the Visual Exploration and Analysis
               of Bugs},
  booktitle = {Proc.\ of CSMR 2012},
  year      = {2012},
  pages     = {523-526},
  publisher = {IEEE},
}

@inproceedings{RooverLP13,
  author    = {Coen De Roover and Ralf L{\"a}mmel and Ekaterina Pek},
  title     = {Multi-dimensional exploration of {API} usage},
  booktitle = "Proc.\ of ICPC 2013",
  publisher = "IEEE",
  year = "2013",
  note = "To appear. 10 pages."
}

@inproceedings{ReddivariCN12,
  author    = {Sandeep Reddivari and
               Zhangji Chen and
               Nan Niu},
  title     = {{ReCVisu}: A tool for clustering-based visual exploration
               of requirements},
  booktitle = {Proc.\ of RE 2012},
  year      = {2012},
  pages     = {327-328},
  publisher = {IEEE},
}

@article{DoyleS87,
  author    = {J. R. Doyle and
               D. D. Stretch},
  title     = {The Classification of Programming Languages by Usage},
  journal   = {International Journal of Man-Machine Studies},
  volume    = {26},
  number    = {3},
  year      = {1987},
  pages     = {343-360},
  ee        = {http://dx.doi.org/10.1016/S0020-7373(87)80068-8},
  bibsource = {DBLP, http://dblp.uni-trier.de}
}

@article{BurnettB94,
  author    = {Margaret M. Burnett and
               Marla J. Baker},
  title     = {A Classification System for Visual Programming Languages},
  journal   = {J. Vis. Lang. Comput.},
  volume    = {5},
  number    = {3},
  year      = {1994},
  pages     = {287-300},
  ee        = {http://dx.doi.org/10.1006/jvlc.1994.1015},
  bibsource = {DBLP, http://dblp.uni-trier.de}
}

@article{MarriottM97,
  author    = {Kim Marriott and
               Bernd Meyer},
  title     = {On the Classification of Visual Languages by Grammar Hierarchies},
  journal   = {J. Vis. Lang. Comput.},
  volume    = {8},
  number    = {4},
  year      = {1997},
  pages     = {375-402},
  ee        = {http://dx.doi.org/10.1006/jvlc.1997.0053},
  bibsource = {DBLP, http://dblp.uni-trier.de}
}

@article{MedvidovicT00,
  author    = {Nenad Medvidovic and
               Richard N. Taylor},
  title     = {A Classification and Comparison Framework for Software Architecture
               Description Languages},
  journal   = {IEEE Trans. Software Eng.},
  volume    = {26},
  number    = {1},
  year      = {2000},
  pages     = {70-93},
  ee        = {http://doi.ieeecomputersociety.org/10.1109/32.825767},
  bibsource = {DBLP, http://dblp.uni-trier.de}
}

@inproceedings{BottoniG04,
  author    = {Paolo Bottoni and
               Antonio Grau},
  title     = {A Suite of Metamodels as a Basis for a Classification of
               Visual Languages},
  booktitle = {Proc.\ of VL/HCC 2004},
  year      = {2004},
  pages     = {83-90},
  publisher = {IEEE Computer Society},
}

@inproceedings{SkalnaG12,
  author    = {Iwona Skalna and
               Bartlomiej Gawel},
  title     = {Model Driven Architecture and classification of business
               rules modelling languages},
  booktitle = {Proc.\ of FedCSIS 2012},
  year      = {2012},
  pages     = {949-952},
  ee        = {http://fedcsis.org/proceedings/fedcsis2012/pliks/400.pdf}
}

@article{BabenkoRY75,
 author = "L. P. Babenko and V. D. Rogach and E. L. Yushchenko",
 title = "Comparison and classification of programming languages",
 journal = "Cybernetics",
 volume = "11",
 issue = "2",
 pages = "271-278",
 year = "1975"
}

@book{Pierce02,
 author = "Benjamin C. Pierce",
 title = "Types and Programming Languages",
 publisher = "The MIT Press",
 year = "2002",
}

@book{Sebesta12,
 author = "Robert W. Sebesta",
 title = "Concepts of Programming Languages ",
 publisher = "Addison-Wesley",
 year = "2012",
 note = "10th edition"
}

@book{Mosses92,
  author = "Peter D. Mosses",
  title = "Action Semantics",
  publisher = "Cambridge University Press",
  year = "1992"
}

@book{Sestoft12,
 author = "Peter Sestoft",
 title = "Programming Language Concepts",
 publisher = "Springer",
 year = "2012"
}

@article{FavreGLW09,
  author    = {Jean-Marie Favre and
               Dragan Gasevic and
               Ralf L{\"a}mmel and
               Andreas Winter},
  title     = {Guest Editors' Introduction to the Special Section on Software
               Language Engineering},
  journal   = {IEEE Trans. Software Eng.},
  volume    = {35},
  number    = {6},
  year      = {2009},
  pages     = {737-741},
  ee        = {http://doi.ieeecomputersociety.org/10.1109/TSE.2009.78},
  bibsource = {DBLP, http://dblp.uni-trier.de}
}

@article{MensG06,
  author    = {Tom Mens and
               Pieter Van Gorp},
  title     = {A Taxonomy of Model Transformation},
  journal   = {Electr. Notes Theor. Comput. Sci.},
  volume    = {152},
  year      = {2006},
  pages     = {125-142},
  ee        = {http://dx.doi.org/10.1016/j.entcs.2005.10.021},
  bibsource = {DBLP, http://dblp.uni-trier.de}
}

@article{CzarneckiH06,
  author    = {Krzysztof Czarnecki and
               Simon Helsen},
  title     = {Feature-based survey of model transformation approaches},
  journal   = {IBM Systems Journal},
  volume    = {45},
  number    = {3},
  year      = {2006},
  pages     = {621-646},
  ee        = {http://dx.doi.org/10.1147/sj.453.0621},
  bibsource = {DBLP, http://dblp.uni-trier.de}
}

@article{MilneW13,
  author    = {David N. Milne and
               Ian H. Witten},
  title     = {An open-source toolkit for mining {Wikipedia}},
  journal   = {Artif. Intell.},
  volume    = {194},
  year      = {2013},
  pages     = {222-239},
}

@inproceedings{MilneW11,
  author    = {David N. Milne and
               Ian H. Witten},
  title     = {A link-based visual search engine for {Wikipedia}},
  booktitle = {Proc.\ of JCDL 2011},
  year      = {2011},
  pages     = {223-226},
  publisher = {ACM},
}

@inproceedings{MilneW11a,
  author    = {David N. Milne and
               Ian H. Witten},
  title     = {Exploring {Wikipedia} with {HMpara}},
  booktitle = {Proc.\ of JCDL 2011},
  year      = {2011},
  pages     = {453-454},
  publisher = {ACM},
}

@inproceedings{WuW10,
  author    = {Fei Wu and
               Daniel S. Weld},
  title     = {Open Information Extraction Using {Wikipedia}},
  booktitle = {Proc.\ of ACL 2010},
  year      = {2010},
  pages     = {118-127},
  publisher = {The Association for Computer Linguistics},
}

@inproceedings{WuW08,
  author    = {Fei Wu and
               Daniel S. Weld},
  title     = {Automatically refining the {Wikipedia} infobox ontology},
  booktitle = {Proc.\ of WWW 2008},
  year      = {2008},
  pages     = {635-644},
  publisher = {ACM},
}

@article{SuchanekKW08,
  author    = {Fabian M. Suchanek and
               Gjergji Kasneci and
               Gerhard Weikum},
  title     = {{YAGO}: A Large Ontology from {Wikipedia} and {WordNet}},
  journal   = {J. Web Sem.},
  volume    = {6},
  number    = {3},
  year      = {2008},
  pages     = {203-217},
}

@inproceedings{SchenkelSK07,
  author    = {Ralf Schenkel and
               Fabian M. Suchanek and
               Gjergji Kasneci},
  title     = {{YAWN}: A Semantically Annotated {Wikipedia} {XML} Corpus},
  booktitle = {Proc.\ of BTW 2007},
  year      = {2007},
  pages     = {277-291},
  publisher = {GI},
  series    = {LNI},
  volume    = {103},
}

@inproceedings{NguyenNMF12,
  author    = {Thanh Hoang Nguyen and
               Huong Dieu Nguyen and
               Viviane Moreira and
               Juliana Freire},
  title     = {Clustering {Wikipedia} infoboxes to discover their types},
  booktitle = {Proc.\ of CIKM 2012},
  year      = {2012},
  pages     = {2134-2138},
  publisher = {ACM},
}

@inproceedings{NguyenNNF10,
  author    = {Huong Nguyen and
               Thanh Hoang Nguyen and
               Hoa Nguyen and
               Juliana Freire},
  title     = {Querying {Wikipedia} Documents and Relationships},
  booktitle = {Proc.\ of WebDB 2010},
  year      = {2010},
  ee        = {http://webdb2010.org/fileadmin/Dokumente/WebDB_2010_paper__3_.pdf},
}

@inproceedings{AlfaroO09,
  author    = {Luca de Alfaro and
               Felipe Ortega},
  title     = {Measuring {Wikipedia}: a hands-on tutorial},
  booktitle = {Int. Sym. Wikis},
  year      = {2009},
  publisher = {ACM},
}

@inproceedings{NastaseS08,
  author    = {Vivi Nastase and
               Michael Strube},
  title     = {Decoding {Wikipedia} Categories for Knowledge Acquisition},
  booktitle = {Proc.\ of AAAI 2008},
  year      = {2008},
  pages     = {1219-1224},
  ee        = {http://www.aaai.org/Library/AAAI/2008/aaai08-193.php},
  publisher = {AAAI Press},
}

@inproceedings{ZirnNS08,
  author    = {C{\"a}cilia Zirn and
               Vivi Nastase and
               Michael Strube},
  title     = {Distinguishing between Instances and Classes in the {Wikipedia}
               Taxonomy},
  booktitle = {Proc.\ of ESWC 2008},
  year      = {2008},
  pages     = {376-387},
  ee        = {http://dx.doi.org/10.1007/978-3-540-68234-9_29},
  publisher = {Springer},
  series    = {LNCS},
  volume    = {5021},
}

@inproceedings{KassnerNS08,
  author    = {Laura Kassner and
               Vivi Nastase and
               Michael Strube},
  title     = {Acquiring a Taxonomy from the {German} {Wikipedia}},
  booktitle = {Proc.\ of LREC 2008},
  year      = {2008},
  ee        = {http://www.lrec-conf.org/proceedings/lrec2008/summaries/544.html},
  publisher = {European Language Resources Association},
}

@inproceedings{PonzettoN09,
  author    = {Simone Paolo Ponzetto and
               Roberto Navigli},
  title     = {Large-Scale Taxonomy Mapping for Restructuring and Integrating
               Wikipedia},
  booktitle = {Proc.\ of IJCAI 2009},
  year      = {2009},
  pages     = {2083-2088},
  ee        = {http://ijcai.org/papers09/Papers/IJCAI09-343.pdf},
}

@inproceedings{Witten11,
  author    = {Ian H. Witten},
  title     = {Wikipedia and how to use it for semantic document representation},
  booktitle = {Proc.\ of ASE 2011},
  year      = {2011},
  pages     = {1},
  publisher = {IEEE},
}

@incollection{KrotzschV09,
  author    = {Markus Kr{\"o}tzsch and
               Denny Vrandecic},
  title     = {Semantic {Wikipedia}},
  booktitle = {Social Semantic Web},
  year      = {2009},
  pages     = {393-421},
  publisher = {Springer},
  series    = {X.media.press},
}

@inproceedings{TorresMSD12a,
  author    = {Diego Torres and
               Pascal Molli and
               Hala Skaf-Molli and
               Alicia D\'{\i}az},
  title     = {From {DBpedia} to {Wikipedia}: Filling the Gap by Discovering
               Wikipedia Conventions},
  booktitle = {Proc.\ of Web Intelligence 2012},
  year      = {2012},
  pages     = {535-539},
  publisher = {IEEE Computer Society},
}

@inproceedings{TorresMSD12b,
  author    = {Diego Torres and
               Pascal Molli and
               Hala Skaf-Molli and
               Alicia D\'{\i}az},
  title     = {Improving {Wikipedia} with {DBpedia}},
  booktitle = {Proc.\ of WWW (Companion Volume) 2012},
  year      = {2012},
  pages     = {1107-1112},
  publisher = {ACM},
}

@TECHREPORT{RFC4627,
  author = {Crockford, Douglas},
  title = {The application/json Media Type for JavaScript Object Notation (JSON)},
  institution = {IETF},
  year = {2006},
  type = {RFC},
  number = {4627},
  month = {7},
  abstract = {JavaScript Object Notation (JSON) is a lightweight, text-based, language-independent
	data interchange format. It was derived from the ECMAScript Programming
	Language Standard. JSON defines a small set of formatting rules for
	the portable representation of structured data.},
  added-at = {2011-02-21T16:50:26.000+0100},
  biburl = {http://www.bibsonomy.org/bibtex/21960e0b98f196064c932c85508eec33d/voj},
  interhash = {9b4bd5b999b2787008a18856f4ab33fa},
  intrahash = {1960e0b98f196064c932c85508eec33d},
  keywords = {RFC RFC4627 json},
  timestamp = {2011-02-21T16:50:26.000+0100}
}

@ARTICLE{Ebert1987AVD,
  author = {Ebert, Jürgen},
  title = {A Versatile Data Structure For Edge-Oriented Graph Algorithms},
  journal = {Communications ACM},
  year = {1987},
  volume = {30},
  pages = {513-519},
  number = {6},
  abstract = {We describe an abstract module for graph handling that is especially
	suited for the edge-oriented paradigm of programming graph algorithms,
	and show how this module can be implemented efficiently in Algol-like
	languages. This graph relization is of the adjacency-list type and
	is suitable for directed and undirected graphs (with multiple edges
	allowed). Undirected graphs are represented as directed graphs through
	arbitrary assignment of directions to every edge(and not through
	storage of the corresponding symmetric graph). This representation
	has been used successfully in a number of applications; for instance,
	it has been used as a tool for representing the graphs in the EMS
	project on the implementation of functional languages.}
}

@inproceedings{FavreLV12,
  author    = {Jean-Marie Favre and
               Ralf L{\"a}mmel and
               Andrei Varanovich},
  title     = "{Modeling the Linguistic Architecture of Software Products}",
  pages     = {151-167},
  booktitle = {Proc.\ of MODELS 2012},
  publisher = {Springer},
  series    = {LNCS},
  volume    = {7590},
  year      = {2012},
}

@TECHREPORT{RFC4180,
  author = {Shafranovich, Y.},
  title = {Common Format and {MIME} Type for Comma-Separated Values ({CSV}) Files},
  institution = {IETF},
  year = {2005},
  type = {RFC},
  number = {4180},
  month = {10},
  added-at = {2011-02-21T16:52:08.000+0100},
  biburl = {http://www.bibsonomy.org/bibtex/2ca61ccb2fcc8fcfdcd24b4dcf4ca6e28/voj},
  interhash = {49ac7dea85f46f85d9a20eb2e7321c8f},
  intrahash = {ca61ccb2fcc8fcfdcd24b4dcf4ca6e28},
  keywords = {CSV DSL RFC},
  series = {RFC},
  timestamp = {2011-02-21T16:52:08.000+0100}
}

@INPROCEEDINGS{ZeschGurevych2007analysis,
  author = {Zesch, Torsten and Gurevych, Iryna},
  title = {Analysis of the {Wikipedia} Category Graph for {NLP} Applications},
  booktitle = {Proc.\ of TextGraphs-2 Workshop (NAACL-HLT 2007)},
  year = {2007},
  pages = {1--8},
  month = Jan,
  timestamp = {2009-01-22T10:44:10.000+0100},
  url = {http://www.ukp.tu-darmstadt.de/fileadmin/user_upload/Group_UKP/publikationen/2007/hlt-textgraphs.pdf}
}

